%% LaTeX2e file `module_01.bib'
%% generated by the `filecontents' environment
%% from source `module_01' on 2017/12/20.
%%
 @book{Schach:2006:OCS:1207045,
  author = {Schach, Stephen R.},
  title = {Object-Oriented and Classical Software Engineering},
  year = {2011},
  isbn = {0071081712, 9780071081719},
  edition = {8},
  publisher = {McGraw-Hill, Inc.},
  address = {New York, NY, USA},
 }
 
