@book{Schach:2006:OCS:1207045,
  author = {Schach, Stephen R.},
  title = {Object-Oriented and Classical Software Engineering},
  year = {2011},
  isbn = {0071081712, 9780071081719},
  edition = {8},
  publisher = {McGraw-Hill, Inc.},
  address = {New York, NY, USA},
 }
 
@article{song1995,
    author = "Il-Yelo Song and Mary Evans and E.K. Park",
    title = "A Comparative Analysis of Entity-Relationship Diagrams",
    journal =      "Journal of Computer and Software Engineering",
    volume =       "3",
    number =       "4",
    pages =        "427-459",
    year =         "1995"
}

@book{barker1992case,
  title={Case*method SM: Function and Process Modelling},
  author={BARKER, R.A. and Longman, C.},
  isbn={9780201565256},
  series={CASE Method},
  url={https://books.google.co.id/books?id=gR5vQgAACAAJ},
  year={1992},
  publisher={Addison-Wesley Longman, Incorporated}
}
