@book{brady1977theory,
  title={The Theory of Computer Science: A Programming Approach},
  author={Brady, J.M.},
  isbn={9780412150401},
  lccn={77000729},
  series={Science paperbacks},
  url={https://books.google.co.id/books?id=Fj71RAAACAAJ},
  year={1977},
  publisher={Chapman and Hall}
}
